@article{mcmullen2012impact,
  title     = {The impact of year-round schooling on academic achievement: Evidence from mandatory school calendar conversions},
  author    = {McMullen, Steven C and Rouse, Kathryn E},
  journal   = {American Economic Journal: Economic Policy},
  volume    = {4},
  number    = {4},
  pages     = {230--252},
  year      = {2012},
  publisher = {American Economic Association}
}

@article{cooper2003effects,
  title     = {The effects of modified school calendars on student achievement and on school and community attitudes},
  author    = {Cooper, Harris and Valentine, Jeffrey C and Charlton, Kelly and Melson, April},
  journal   = {Review of educational research},
  volume    = {73},
  number    = {1},
  pages     = {1--52},
  year      = {2003},
  publisher = {Sage Publications Sage CA: Thousand Oaks, CA}
}

@article{morgan2019socio,
  title     = {Socio-economic inequalities in adolescent summer holiday experiences, and mental wellbeing on return to school: analysis of the school health research network/health behaviour in school-aged children survey in Wales},
  author    = {Morgan, Kelly and Melendez-Torres, GJ and Bond, Amy and Hawkins, Jemma and Hewitt, Gillian and Murphy, Simon and Moore, Graham},
  journal   = {International journal of environmental research and public health},
  volume    = {16},
  number    = {7},
  pages     = {1107},
  year      = {2019},
  publisher = {MDPI}
}

@article{kromydas2022effect,
  title     = {The effect of school summer holidays on inequalities in children and young people's mental health and cognitive ability in the UK using data from the millennium cohort study},
  author    = {Kromydas, Theocharis and Campbell, Mhairi and Chambers, Stephanie and Boon, Michele Hilton and Pearce, Anna and Wells, Valerie and Craig, Peter},
  journal   = {BMC Public Health},
  volume    = {22},
  number    = {1},
  pages     = {154},
  year      = {2022},
  publisher = {Springer}
}