# education 

@article{cooper1996effects,
  title     = {The effects of summer vacation on achievement test scores: A narrative and meta-analytic review},
  author    = {Cooper, Harris and Nye, Barbara and Charlton, Kelly and Lindsay, James and Greathouse, Scott},
  journal   = {Review of educational research},
  volume    = {66},
  number    = {3},
  pages     = {227--268},
  year      = {1996},
  publisher = {Sage Publications Sage CA: Thousand Oaks, CA}
}
@article{mcmullen2012impact,
  title     = {The impact of year-round schooling on academic achievement: Evidence from mandatory school calendar conversions},
  author    = {McMullen, Steven C and Rouse, Kathryn E},
  journal   = {American Economic Journal: Economic Policy},
  volume    = {4},
  number    = {4},
  pages     = {230--252},
  year      = {2012},
  publisher = {American Economic Association}
}

@article{morgan2019socio,
  title     = {Socio-economic inequalities in adolescent summer holiday experiences, and mental wellbeing on return to school: analysis of the school health research network/health behaviour in school-aged children survey in Wales},
  author    = {Morgan, Kelly and Melendez-Torres, GJ and Bond, Amy and Hawkins, Jemma and Hewitt, Gillian and Murphy, Simon and Moore, Graham},
  journal   = {International journal of environmental research and public health},
  volume    = {16},
  number    = {7},
  pages     = {1107},
  year      = {2019},
  publisher = {MDPI}
}

@article{kromydas2022effect,
  title     = {The effect of school summer holidays on inequalities in children and young people’s mental health and cognitive ability in the UK using data from the millennium cohort study},
  author    = {Kromydas, Theocharis and Campbell, Mhairi and Chambers, Stephanie and Boon, Michele Hilton and Pearce, Anna and Wells, Valerie and Craig, Peter},
  journal   = {BMC Public Health},
  volume    = {22},
  number    = {1},
  pages     = {154},
  year      = {2022},
  publisher = {Springer}
}

# econometrics

@article{bjorklund1987estimation,
  title     = {The estimation of wage gains and welfare gains in self-selection models},
  author    = {Bjorklund, Anders and Moffitt, Robert},
  journal   = {The Review of Economics and Statistics},
  pages     = {42--49},
  year      = {1987},
  publisher = {JSTOR}
}

@article{heckman2005structural,
  title     = {Structural equations, treatment effects, and econometric policy evaluation 1},
  author    = {Heckman, James J and Vytlacil, Edward},
  journal   = {Econometrica},
  volume    = {73},
  number    = {3},
  pages     = {669--738},
  year      = {2005},
  publisher = {Wiley Online Library}
}

@article{heckman2007econometric,
  title   = {Econometric Evaluation of Social Programs, Part I: Causal Models, Structural Models and Econometric Policy Evaluation},
  author  = {Heckman, J},
  journal = {Handbook of Labor Economics/North-Holland},
  year    = {2007}
}

@article{heckman2007econometric,
  title     = {Econometric evaluation of social programs, part II: Using the marginal treatment effect to organize alternative econometric estimators to evaluate social programs, and to forecast their effects in new environments},
  author    = {Heckman, James J and Vytlacil, Edward J},
  journal   = {Handbook of econometrics},
  volume    = {6},
  pages     = {4875--5143},
  year      = {2007},
  publisher = {Elsevier}
}

@article{carneiro2010evaluating,
  title     = {Evaluating marginal policy changes and the average effect of treatment for individuals at the margin},
  author    = {Carneiro, Pedro and Heckman, James J and Vytlacil, Edward},
  journal   = {Econometrica},
  volume    = {78},
  number    = {1},
  pages     = {377--394},
  year      = {2010},
  publisher = {Wiley Online Library}
}

@article{carneiro2011estimating,
  title     = {Estimating marginal returns to education},
  author    = {Carneiro, Pedro and Heckman, James J and Vytlacil, Edward J},
  journal   = {American Economic Review},
  volume    = {101},
  number    = {6},
  pages     = {2754--2781},
  year      = {2011},
  publisher = {American Economic Association}
}



@article{brinch2017beyond,
  title     = {Beyond LATE with a discrete instrument},
  author    = {Brinch, Christian N and Mogstad, Magne and Wiswall, Matthew},
  journal   = {Journal of Political Economy},
  volume    = {125},
  number    = {4},
  pages     = {985--1039},
  year      = {2017},
  publisher = {University of Chicago Press Chicago, IL}
}

@article{de2023two,
  title     = {Two-way fixed effects and differences-in-differences with heterogeneous treatment effects: A survey},
  author    = {De Chaisemartin, Cl{\'e}ment and d’Haultfoeuille, Xavier},
  journal   = {The Econometrics Journal},
  volume    = {26},
  number    = {3},
  pages     = {C1--C30},
  year      = {2023},
  publisher = {Oxford University Press}
}

@article{imbens1994identification,
  title   = {Identification and estimation of local average treatment effects},
  author  = {Imbens, GW and Angrist, JD},
  journal = {Econometrica},
  volume  = {62},
  number  = {2},
  pages   = {467--475},
  year    = {1994}
}

@article{angrist1991does,
  title     = {Does compulsory school attendance affect schooling and earnings?},
  author    = {Angrist, Joshua D and Krueger, Alan B},
  journal   = {The Quarterly Journal of Economics},
  volume    = {106},
  number    = {4},
  pages     = {979--1014},
  year      = {1991},
  publisher = {MIT Press}
}
@article{card2001estimating,
  title     = {Estimating the return to schooling: Progress on some persistent econometric problems},
  author    = {Card, David},
  journal   = {Econometrica},
  volume    = {69},
  number    = {5},
  pages     = {1127--1160},
  year      = {2001},
  publisher = {Wiley Online Library}
}